@misc{AnimusicPipeDream,
    author = "Animusic, LLC",
    year = "2001",
    note = "\url{https://youtu.be/hyCIpKAIFyo?si=sD7RUGD5irxG9zIa}"
}